<?xml version="1.0" encoding="UTF-8"?><collection xmlns="http://www.loc.gov/MARC21/slim"><record><leader>00393nam--2200133-i-4500</leader><controlfield tag="001">000030352</controlfield><controlfield tag="002">20161230</controlfield><controlfield tag="005">20161230201038</controlfield><controlfield tag="008">060222s1000------------r-----000-0-eng-d</controlfield><datafield ind1=" " ind2=" " tag="100"><subfield code="a">Bohn, T. /S.A.</subfield></datafield><datafield ind1=" " ind2=" " tag="245"><subfield code="a">Mhd- versuchsanlage argas ii.beschreibung und baktriebserfahrungen</subfield></datafield><datafield ind1=" " ind2=" " tag="260"><subfield code="a">Julich, Kernforschungsanlage, 1972. /P. Dif.</subfield></datafield><datafield ind1=" " ind2=" " tag="490"><subfield code="a">Angewandte Magnetohydrodynamik</subfield></datafield><datafield ind1=" " ind2=" " tag="852"><subfield code="a">18670</subfield></datafield></record></collection>